{
    "{'frequency': 'quarterly', 'symbol': 'AAPL', 'statement_type': 'income'}": {
        "error": "",
        "response": "{'incomeStatementHistoryQuarterly': {'AAPL': [{'2022-12-31': {'basicAverageShares': 15892723000.0, 'basicEPS': 1.89, 'costOfRevenue': 66822000000.0, 'dilutedAverageShares': 15955718000.0, 'dilutedEPS': 1.88, 'dilutedNIAvailtoComStockholders': 95171000000.0, 'eBITDA': 128048000000.0, 'ebit': 36016000000.0, 'grossProfit': 166871000000.0, 'interestExpense': 3240000000.0, 'interestExpenseNonOperating': 3240000000.0, 'interestIncome': 868000000.0, 'interestIncomeNonOperating': 3043000000.0, 'netIncome': 95171000000.0, 'netIncomeCommonStockholders': 95171000000.0, 'netIncomeContinuousOperations': 29998000000.0, 'netIncomeFromContinuingAndDiscontinuedOperation': 95171000000.0, 'netIncomeFromContinuingOperationNetMinorityInterest': 29998000000.0, 'netIncomeIncludingNoncontrollingInterests': 29998000000.0, 'netInterestIncome': -197000000.0, 'netNonOperatingInterestIncomeExpense': -197000000.0, 'normalizedEBITDA': 38932000000.0, 'normalizedIncome': 29998000000.0, 'operatingExpense': 14316000000.0, 'operatingIncome': 113965000000.0, 'operatingRevenue': 117154000000.0, 'otherIncomeExpense': -283000000.0, 'otherNonOperatingIncomeExpenses': -393000000.0, 'pretaxIncome': 113485000000.0, 'reconciledCostOfRevenue': 220666000000.0, 'reconciledDepreciation': 2916000000.0, 'researchAndDevelopment': 7709000000.0, 'sellingGeneralAndAdministration': 6607000000.0, 'taxEffectOfUnusualItems': 0.0, 'taxProvision': 18314000000.0, 'taxRateForCalcs': 0.161378, 'totalExpenses': 81138000000.0, 'totalOperatingIncomeAsReported': 36016000000.0, 'totalRevenue': 387537000000.0}}, {'2023-03-31': {'basicAverageShares': 15787154000.0, 'basicEPS': 1.53, 'costOfRevenue': 52860000000.0, 'dilutedAverageShares': 15847050000.0, 'dilutedEPS': 1.52, 'dilutedNIAvailtoComStockholders': 94321000000.0, 'eBITDA': 126691000000.0, 'ebit': 28318000000.0, 'grossProfit': 166288000000.0, 'interestExpense': 3479000000.0, 'interestExpenseNonOperating': 3479000000.0, 'interestIncome': 918000000.0, 'interestIncomeNonOperating': 3261000000.0, 'netIncome': 94321000000.0, 'netI"
    },
    "{'frequency': 'annual', 'symbol': 'AAPL', 'statement_type': 'income', 'region': 'US'}": {
        "error": "",
        "response": {
            "incomeStatementHistory": {
                "AAPL": [
                    {
                        "2019-09-30": {
                            "basicAverageShares": 18471336000.0,
                            "basicEPS": 2.9925,
                            "costOfRevenue": 161782000000.0,
                            "dilutedAverageShares": 18595652000.0,
                            "dilutedEPS": 2.9725,
                            "dilutedNIAvailtoComStockholders": 55256000000.0,
                            "ebit": 63930000000.0,
                            "grossProfit": 98392000000.0,
                            "interestExpense": 3576000000.0,
                            "interestExpenseNonOperating": 3576000000.0,
                            "interestIncome": 4961000000.0,
                            "interestIncomeNonOperating": 4961000000.0,
                            "netIncome": 55256000000.0,
                            "netIncomeCommonStockholders": 55256000000.0,
                            "netIncomeContinuousOperations": 55256000000.0,
                            "netIncomeFromContinuingAndDiscontinuedOperation": 55256000000.0,
                            "netIncomeFromContinuingOperationNetMinorityInterest": 55256000000.0,
                            "netIncomeIncludingNoncontrollingInterests": 55256000000.0,
                            "netInterestIncome": 1385000000.0,
                            "netNonOperatingInterestIncomeExpense": 1385000000.0,
                            "normalizedEBITDA": 76477000000.0,
                            "normalizedIncome": 55256000000.0,
                            "operatingExpense": 34462000000.0,
                            "operatingIncome": 63930000000.0,
                            "operatingRevenue": 260174000000.0,
                            "otherIncomeExpense": 1807000000.0,
                            "otherNonOperatingIncomeExpenses": 1807000000.0,
                            "pretaxIncome": 65737000000.0,
                            "reconciledCostOfRevenue": 161782000000.0,
                            "reconciledDepreciation": 12547000000.0,
                            "researchAndDevelopment": 16217000000.0,
                            "sellingGeneralAndAdministration": 18245000000.0,
                            "taxEffectOfUnusualItems": 0.0,
                            "taxProvision": 10481000000.0,
                            "taxRateForCalcs": 0.159438,
                            "totalExpenses": 196244000000.0,
                            "totalOperatingIncomeAsReported": 63930000000.0,
                            "totalRevenue": 260174000000.0
                        }
                    },
                    {
                        "2020-09-30": {
                            "basicAverageShares": 17352119000.0,
                            "basicEPS": 3.31,
                            "costOfRevenue": 169559000000.0,
                            "dilutedAverageShares": 17528214000.0,
                            "dilutedEPS": 3.28,
                            "dilutedNIAvailtoComStockholders": 57411000000.0,
                            "ebit": 66288000000.0,
                            "grossProfit": 104956000000.0,
                            "interestExpense": 2873000000.0,
                            "interestExpenseNonOperating": 2873000000.0,
                            "interestIncome": 3763000000.0,
                            "interestIncomeNonOperating": 3763000000.0,
                            "netIncome": 57411000000.0,
                            "netIncomeCommonStockholders": 57411000000.0,
                            "netIncomeContinuousOperations": 57411000000.0,
                            "netIncomeFromContinuingAndDiscontinuedOperation": 57411000000.0,
                            "netIncomeFromContinuingOperationNetMinorityInterest": 57411000000.0,
                            "netIncomeIncludingNoncontrollingInterests": 57411000000.0,
                            "netInterestIncome": 890000000.0,
                            "netNonOperatingInterestIncomeExpense": 890000000.0,
                            "normalizedEBITDA": 77344000000.0,
                            "normalizedIncome": 57411000000.0,
                            "operatingExpense": 38668000000.0,
                            "operatingIncome": 66288000000.0,
                            "operatingRevenue": 274515000000.0,
                            "otherIncomeExpense": 803000000.0,
                            "otherNonOperatingIncomeExpenses": 803000000.0,
                            "pretaxIncome": 67091000000.0,
                            "reconciledCostOfRevenue": 169559000000.0,
                            "reconciledDepreciation": 11056000000.0,
                            "researchAndDevelopment": 18752000000.0,
                            "sellingGeneralAndAdministration": 19916000000.0,
                            "taxEffectOfUnusualItems": 0.0,
                            "taxProvision": 9680000000.0,
                            "taxRateForCalcs": 0.144282,
                            "totalExpenses": 208227000000.0,
                            "totalOperatingIncomeAsReported": 66288000000.0,
                            "totalRevenue": 274515000000.0
                        }
                    },
                    {
                        "2021-09-30": {
                            "basicAverageShares": 16701272000.0,
                            "basicEPS": 5.67,
                            "costOfRevenue": 212981000000.0,
                            "dilutedAverageShares": 16864919000.0,
                            "dilutedEPS": 5.61,
                            "dilutedNIAvailtoComStockholders": 94680000000.0,
                            "ebit": 108949000000.0,
                            "grossProfit": 152836000000.0,
                            "interestExpense": 2645000000.0,
                            "interestExpenseNonOperating": 2645000000.0,
                            "interestIncome": 2843000000.0,
                            "interestIncomeNonOperating": 2843000000.0,
                            "netIncome": 94680000000.0,
                            "netIncomeCommonStockholders": 94680000000.0,
                            "netIncomeContinuousOperations": 94680000000.0,
                            "netIncomeFromContinuingAndDiscontinuedOperation": 94680000000.0,
                            "netIncomeFromContinuingOperationNetMinorityInterest": 94680000000.0,
                            "netIncomeIncludingNoncontrollingInterests": 94680000000.0,
                            "netInterestIncome": 198000000.0,
                            "netNonOperatingInterestIncomeExpense": 198000000.0,
                            "normalizedEBITDA": 120233000000.0,
                            "normalizedIncome": 94680000000.0,
                            "operatingExpense": 43887000000.0,
                            "operatingIncome": 108949000000.0,
                            "operatingRevenue": 365817000000.0,
                            "otherIncomeExpense": 258000000.0,
                            "otherNonOperatingIncomeExpenses": 258000000.0,
                            "pretaxIncome": 109207000000.0,
                            "reconciledCostOfRevenue": 212981000000.0,
                            "reconciledDepreciation": 11284000000.0,
                            "researchAndDevelopment": 21914000000.0,
                            "sellingGeneralAndAdministration": 21973000000.0,
                            "taxEffectOfUnusualItems": 0.0,
                            "taxProvision": 14527000000.0,
                            "taxRateForCalcs": 0.133023,
                            "totalExpenses": 256868000000.0,
                            "totalOperatingIncomeAsReported": 108949000000.0,
                            "totalRevenue": 365817000000.0
                        }
                    },
                    {
                        "2022-09-30": {
                            "basicAverageShares": 16215963000.0,
                            "basicEPS": 6.15,
                            "costOfRevenue": 223546000000.0,
                            "dilutedAverageShares": 16325819000.0,
                            "dilutedEPS": 6.11,
                            "dilutedNIAvailtoComStockholders": 99803000000.0,
                            "ebit": 119437000000.0,
                            "grossProfit": 170782000000.0,
                            "interestExpense": 2931000000.0,
                            "interestExpenseNonOperating": 2931000000.0,
                            "interestIncome": 2825000000.0,
                            "interestIncomeNonOperating": 2825000000.0,
                            "netIncome": 99803000000.0,
                            "netIncomeCommonStockholders": 99803000000.0,
                            "netIncomeContinuousOperations": 99803000000.0,
                            "netIncomeFromContinuingAndDiscontinuedOperation": 99803000000.0,
                            "netIncomeFromContinuingOperationNetMinorityInterest": 99803000000.0,
                            "netIncomeIncludingNoncontrollingInterests": 99803000000.0,
                            "netInterestIncome": -106000000.0,
                            "netNonOperatingInterestIncomeExpense": -106000000.0,
                            "normalizedEBITDA": 130541000000.0,
                            "normalizedIncome": 99803000000.0,
                            "operatingExpense": 51345000000.0,
                            "operatingIncome": 119437000000.0,
                            "operatingRevenue": 394328000000.0,
                            "otherIncomeExpense": -334000000.0,
                            "otherNonOperatingIncomeExpenses": -334000000.0,
                            "pretaxIncome": 119103000000.0,
                            "reconciledCostOfRevenue": 223546000000.0,
                            "reconciledDepreciation": 11104000000.0,
                            "researchAndDevelopment": 26251000000.0,
                            "sellingGeneralAndAdministration": 25094000000.0,
                            "taxEffectOfUnusualItems": 0.0,
                            "taxProvision": 19300000000.0,
                            "taxRateForCalcs": 0.162045,
                            "totalExpenses": 274891000000.0,
                            "totalOperatingIncomeAsReported": 119437000000.0,
                            "totalRevenue": 394328000000.0
                        }
                    },
                    {
                        "2022-12-31": {
                            "costOfRevenue": 220666000000.0,
                            "dilutedNIAvailtoComStockholders": 95171000000.0,
                            "eBITDA": 128048000000.0,
                            "ebit": 116725000000.0,
                            "grossProfit": 166871000000.0,
                            "interestExpense": 3240000000.0,
                            "interestExpenseNonOperating": 3240000000.0,
                            "interestIncome": 3043000000.0,
                            "interestIncomeNonOperating": 3043000000.0,
                            "netIncome": 95171000000.0,
                            "netIncomeCommonStockholders": 95171000000.0,
                            "netIncomeContinuousOperations": 95171000000.0,
                            "netIncomeFromContinuingAndDiscontinuedOperation": 95171000000.0,
                            "netIncomeFromContinuingOperationNetMinorityInterest": 95171000000.0,
                            "netIncomeIncludingNoncontrollingInterests": 95171000000.0,
                            "netInterestIncome": -197000000.0,
                            "netNonOperatingInterestIncomeExpense": -197000000.0,
                            "normalizedEBITDA": 128048000000.0,
                            "normalizedIncome": 95171000000.0,
                            "operatingExpense": 52906000000.0,
                            "operatingIncome": 113965000000.0,
                            "operatingRevenue": 387537000000.0,
                            "otherIncomeExpense": -283000000.0,
                            "otherNonOperatingIncomeExpenses": -283000000.0,
                            "pretaxIncome": 113485000000.0,
                            "reconciledCostOfRevenue": 220666000000.0,
                            "reconciledDepreciation": 11323000000.0,
                            "researchAndDevelopment": 27654000000.0,
                            "sellingGeneralAndAdministration": 25252000000.0,
                            "taxEffectOfUnusualItems": 0.0,
                            "taxProvision": 18314000000.0,
                            "taxRateForCalcs": 0.161378,
                            "totalExpenses": 273572000000.0,
                            "totalOperatingIncomeAsReported": 113965000000.0,
                            "totalRevenue": 387537000000.0
                        }
                    },
                    {
                        "2023-03-31": {
                            "costOfRevenue": 218807000000.0,
                            "dilutedNIAvailtoComStockholders": 94321000000.0,
                            "eBITDA": 126691000000.0,
                            "ebit": 115207000000.0,
                            "grossProfit": 166288000000.0,
                            "interestExpense": 3479000000.0,
                            "interestExpenseNonOperating": 3479000000.0,
                            "interestIncome": 3261000000.0,
                            "interestIncomeNonOperating": 3261000000.0,
                            "netIncome": 94321000000.0,
                            "netIncomeCommonStockholders": 94321000000.0,
                            "netIncomeContinuousOperations": 94321000000.0,
                            "netIncomeFromContinuingAndDiscontinuedOperation": 94321000000.0,
                            "netIncomeFromContinuingOperationNetMinorityInterest": 94321000000.0,
                            "netIncomeIncludingNoncontrollingInterests": 94321000000.0,
                            "netInterestIncome": -218000000.0,
                            "netNonOperatingInterestIncomeExpense": -218000000.0,
                            "normalizedEBITDA": 126691000000.0,
                            "normalizedIncome": 94321000000.0,
                            "operatingExpense": 53984000000.0,
                            "operatingIncome": 112304000000.0,
                            "operatingRevenue": 385095000000.0,
                            "otherIncomeExpense": -358000000.0,
                            "otherNonOperatingIncomeExpenses": -358000000.0,
                            "pretaxIncome": 111728000000.0,
                            "reconciledCostOfRevenue": 218807000000.0,
                            "reconciledDepreciation": 11484000000.0,
                            "researchAndDevelopment": 28724000000.0,
                            "sellingGeneralAndAdministration": 25260000000.0,
                            "taxEffectOfUnusualItems": 0.0,
                            "taxProvision": 17407000000.0,
                            "taxRateForCalcs": 0.155798,
                            "totalExpenses": 272791000000.0,
                            "totalOperatingIncomeAsReported": 112304000000.0,
                            "totalRevenue": 385095000000.0
                        }
                    }
                ]
            }
        }
    },
    "{'frequency': 'quarterly', 'symbol': 'AAPL', 'statement_type': ['income', 'balance', 'cash']}": {
        "error": "",
        "response": {
            "incomeStatementHistoryQuarterly": {
                "AAPL": [
                    {
                        "2022-12-31": {
                            "basicAverageShares": 15892723000.0,
                            "basicEPS": 1.89,
                            "costOfRevenue": 66822000000.0,
                            "dilutedAverageShares": 15955718000.0,
                            "dilutedEPS": 1.88,
                            "dilutedNIAvailtoComStockholders": 95171000000.0,
                            "eBITDA": 128048000000.0,
                            "ebit": 36016000000.0,
                            "grossProfit": 166871000000.0,
                            "interestExpense": 3240000000.0,
                            "interestExpenseNonOperating": 3240000000.0,
                            "interestIncome": 868000000.0,
                            "interestIncomeNonOperating": 3043000000.0,
                            "netIncome": 95171000000.0,
                            "netIncomeCommonStockholders": 95171000000.0,
                            "netIncomeContinuousOperations": 29998000000.0,
                            "netIncomeFromContinuingAndDiscontinuedOperation": 95171000000.0,
                            "netIncomeFromContinuingOperationNetMinorityInterest": 29998000000.0,
                            "netIncomeIncludingNoncontrollingInterests": 29998000000.0,
                            "netInterestIncome": -197000000.0,
                            "netNonOperatingInterestIncomeExpense": -197000000.0,
                            "normalizedEBITDA": 38932000000.0,
                            "normalizedIncome": 29998000000.0,
                            "operatingExpense": 14316000000.0,
                            "operatingIncome": 113965000000.0,
                            "operatingRevenue": 117154000000.0,
                            "otherIncomeExpense": -283000000.0,
                            "otherNonOperatingIncomeExpenses": -393000000.0,
                            "pretaxIncome": 113485000000.0,
                            "reconciledCostOfRevenue": 220666000000.0,
                            "reconciledDepreciation": 2916000000.0,
                            "researchAndDevelopment": 7709000000.0,
                            "sellingGeneralAndAdministration": 6607000000.0,
                            "taxEffectOfUnusualItems": 0.0,
                            "taxProvision": 18314000000.0,
                            "taxRateForCalcs": 0.161378,
                            "totalExpenses": 81138000000.0,
                            "totalOperatingIncomeAsReported": 36016000000.0,
                            "totalRevenue": 387537000000.0
                        }
                    },
                    {
                        "2023-03-31": {
                            "basicAverageShares": 15787154000.0,
                            "basicEPS": 1.53,
                            "costOfRevenue": 52860000000.0,
                            "dilutedAverageShares": 15847050000.0,
                            "dilutedEPS": 1.52,
                            "dilutedNIAvailtoComStockholders": 94321000000.0,
                            "eBITDA": 126691000000.0,
                            "ebit": 28318000000.0,
                            "grossProfit": 166288000000.0,
                            "interestExpense": 3479000000.0,
                            "interestExpenseNonOperating": 3479000000.0,
                            "interestIncome": 918000000.0,
                            "interestIncomeNonOperating": 3261000000.0,
                            "netIncome": 94321000000.0,
                            "netIncomeCommonStockholders": 94321000000.0,
                            "netIncomeContinuousOperations": 24160000000.0,
                            "netIncomeFromContinuingAndDiscontinuedOperation": 94321000000.0,
                            "netIncomeFromContinuingOperationNetMinorityInterest": 24160000000.0,
                            "netIncomeIncludingNoncontrollingInterests": 24160000000.0,
                            "netInterestIncome": -218000000.0,
                            "netNonOperatingInterestIncomeExpense": -218000000.0,
                            "normalizedEBITDA": 31216000000.0,
                            "normalizedIncome": 24160000000.0,
                            "operatingExpense": 13658000000.0,
                            "operatingIncome": 112304000000.0,
                            "operatingRevenue": 94836000000.0,
                            "otherIncomeExpense": -358000000.0,
                            "otherNonOperatingIncomeExpenses": 64000000.0,
                            "pretaxIncome": 111728000000.0,
                            "reconciledCostOfRevenue": 218807000000.0,
                            "reconciledDepreciation": 2898000000.0,
                            "researchAndDevelopment": 7457000000.0,
                            "sellingGeneralAndAdministration": 6201000000.0,
                            "taxEffectOfUnusualItems": 0.0,
                            "taxProvision": 17407000000.0,
                            "taxRateForCalcs": 0.155798,
                            "totalExpenses": 66518000000.0,
                            "totalOperatingIncomeAsReported": 28318000000.0,
                            "totalRevenue": 385095000000.0
                        }
                    },
                    {
                        "2022-06-30": {
                            "basicAverageShares": 16162945000.0,
                            "basicEPS": 1.2,
                            "costOfRevenue": 47074000000.0,
                            "dilutedAverageShares": 16262203000.0,
                            "dilutedEPS": 1.2,
                            "dilutedNIAvailtoComStockholders": 19442000000.0,
                            "ebit": 23076000000.0,
                            "grossProfit": 35885000000.0,
                            "interestExpense": 719000000.0,
                            "interestExpenseNonOperating": 719000000.0,
                            "interestIncome": 722000000.0,
                            "interestIncomeNonOperating": 722000000.0,
                            "netIncome": 19442000000.0,
                            "netIncomeCommonStockholders": 19442000000.0,
                            "netIncomeContinuousOperations": 19442000000.0,
                            "netIncomeFromContinuingAndDiscontinuedOperation": 19442000000.0,
                            "netIncomeFromContinuingOperationNetMinorityInterest": 19442000000.0,
                            "netIncomeIncludingNoncontrollingInterests": 19442000000.0,
                            "netInterestIncome": 3000000.0,
                            "netNonOperatingInterestIncomeExpense": 3000000.0,
                            "normalizedEBITDA": 25881000000.0,
                            "normalizedIncome": 19442000000.0,
                            "operatingExpense": 12809000000.0,
                            "operatingIncome": 23076000000.0,
                            "operatingRevenue": 82959000000.0,
                            "otherIncomeExpense": -10000000.0,
                            "otherNonOperatingIncomeExpenses": -10000000.0,
                            "pretaxIncome": 23066000000.0,
                            "reconciledCostOfRevenue": 47074000000.0,
                            "reconciledDepreciation": 2805000000.0,
                            "researchAndDevelopment": 6797000000.0,
                            "sellingGeneralAndAdministration": 6012000000.0,
                            "taxEffectOfUnusualItems": 0.0,
                            "taxProvision": 3624000000.0,
                            "taxRateForCalcs": 0.157114,
                            "totalExpenses": 59883000000.0,
                            "totalOperatingIncomeAsReported": 23076000000.0,
                            "totalRevenue": 82959000000.0
                        }
                    },
                    {
                        "2022-09-30": {
                            "basicAverageShares": 16030382000.0,
                            "basicEPS": 1.29,
                            "costOfRevenue": 52051000000.0,
                            "dilutedAverageShares": 16118465000.0,
                            "dilutedEPS": 1.29,
                            "dilutedNIAvailtoComStockholders": 20721000000.0,
                            "ebit": 24894000000.0,
                            "grossProfit": 38095000000.0,
                            "interestExpense": 827000000.0,
                            "interestExpenseNonOperating": 827000000.0,
                            "interestIncome": 753000000.0,
                            "interestIncomeNonOperating": 753000000.0,
                            "netIncome": 20721000000.0,
                            "netIncomeCommonStockholders": 20721000000.0,
                            "netIncomeContinuousOperations": 20721000000.0,
                            "netIncomeFromContinuingAndDiscontinuedOperation": 20721000000.0,
                            "netIncomeFromContinuingOperationNetMinorityInterest": 20721000000.0,
                            "netIncomeIncludingNoncontrollingInterests": 20721000000.0,
                            "netInterestIncome": -74000000.0,
                            "netNonOperatingInterestIncomeExpense": -74000000.0,
                            "normalizedEBITDA": 27759000000.0,
                            "normalizedIncome": 20721000000.0,
                            "operatingExpense": 13201000000.0,
                            "operatingIncome": 24894000000.0,
                            "operatingRevenue": 90146000000.0,
                            "otherIncomeExpense": -237000000.0,
                            "otherNonOperatingIncomeExpenses": -237000000.0,
                            "pretaxIncome": 24657000000.0,
                            "reconciledCostOfRevenue": 52051000000.0,
                            "reconciledDepreciation": 2865000000.0,
                            "researchAndDevelopment": 6761000000.0,
                            "sellingGeneralAndAdministration": 6440000000.0,
                            "taxEffectOfUnusualItems": 0.0,
                            "taxProvision": 3936000000.0,
                            "taxRateForCalcs": 0.15963,
                            "totalExpenses": 65252000000.0,
                            "totalOperatingIncomeAsReported": 24894000000.0,
                            "totalRevenue": 90146000000.0
                        }
                    }
                ]
            }
        }
    },
    "{'frequency': 'annual', 'symbol': 'AAPL', 'statement_type': 'income'}": {
        "error": "",
        "response": {
            "incomeStatementHistory": {
                "AAPL": [
                    {
                        "2019-09-30": {
                            "basicAverageShares": 18471336000.0,
                            "basicEPS": 2.9925,
                            "costOfRevenue": 161782000000.0,
                            "dilutedAverageShares": 18595652000.0,
                            "dilutedEPS": 2.9725,
                            "dilutedNIAvailtoComStockholders": 55256000000.0,
                            "ebit": 63930000000.0,
                            "grossProfit": 98392000000.0,
                            "interestExpense": 3576000000.0,
                            "interestExpenseNonOperating": 3576000000.0,
                            "interestIncome": 4961000000.0,
                            "interestIncomeNonOperating": 4961000000.0,
                            "netIncome": 55256000000.0,
                            "netIncomeCommonStockholders": 55256000000.0,
                            "netIncomeContinuousOperations": 55256000000.0,
                            "netIncomeFromContinuingAndDiscontinuedOperation": 55256000000.0,
                            "netIncomeFromContinuingOperationNetMinorityInterest": 55256000000.0,
                            "netIncomeIncludingNoncontrollingInterests": 55256000000.0,
                            "netInterestIncome": 1385000000.0,
                            "netNonOperatingInterestIncomeExpense": 1385000000.0,
                            "normalizedEBITDA": 76477000000.0,
                            "normalizedIncome": 55256000000.0,
                            "operatingExpense": 34462000000.0,
                            "operatingIncome": 63930000000.0,
                            "operatingRevenue": 260174000000.0,
                            "otherIncomeExpense": 1807000000.0,
                            "otherNonOperatingIncomeExpenses": 1807000000.0,
                            "pretaxIncome": 65737000000.0,
                            "reconciledCostOfRevenue": 161782000000.0,
                            "reconciledDepreciation": 12547000000.0,
                            "researchAndDevelopment": 16217000000.0,
                            "sellingGeneralAndAdministration": 18245000000.0,
                            "taxEffectOfUnusualItems": 0.0,
                            "taxProvision": 10481000000.0,
                            "taxRateForCalcs": 0.159438,
                            "totalExpenses": 196244000000.0,
                            "totalOperatingIncomeAsReported": 63930000000.0,
                            "totalRevenue": 260174000000.0
                        }
                    },
                    {
                        "2020-09-30": {
                            "basicAverageShares": 17352119000.0,
                            "basicEPS": 3.31,
                            "costOfRevenue": 169559000000.0,
                            "dilutedAverageShares": 17528214000.0,
                            "dilutedEPS": 3.28,
                            "dilutedNIAvailtoComStockholders": 57411000000.0,
                            "ebit": 66288000000.0,
                            "grossProfit": 104956000000.0,
                            "interestExpense": 2873000000.0,
                            "interestExpenseNonOperating": 2873000000.0,
                            "interestIncome": 3763000000.0,
                            "interestIncomeNonOperating": 3763000000.0,
                            "netIncome": 57411000000.0,
                            "netIncomeCommonStockholders": 57411000000.0,
                            "netIncomeContinuousOperations": 57411000000.0,
                            "netIncomeFromContinuingAndDiscontinuedOperation": 57411000000.0,
                            "netIncomeFromContinuingOperationNetMinorityInterest": 57411000000.0,
                            "netIncomeIncludingNoncontrollingInterests": 57411000000.0,
                            "netInterestIncome": 890000000.0,
                            "netNonOperatingInterestIncomeExpense": 890000000.0,
                            "normalizedEBITDA": 77344000000.0,
                            "normalizedIncome": 57411000000.0,
                            "operatingExpense": 38668000000.0,
                            "operatingIncome": 66288000000.0,
                            "operatingRevenue": 274515000000.0,
                            "otherIncomeExpense": 803000000.0,
                            "otherNonOperatingIncomeExpenses": 803000000.0,
                            "pretaxIncome": 67091000000.0,
                            "reconciledCostOfRevenue": 169559000000.0,
                            "reconciledDepreciation": 11056000000.0,
                            "researchAndDevelopment": 18752000000.0,
                            "sellingGeneralAndAdministration": 19916000000.0,
                            "taxEffectOfUnusualItems": 0.0,
                            "taxProvision": 9680000000.0,
                            "taxRateForCalcs": 0.144282,
                            "totalExpenses": 208227000000.0,
                            "totalOperatingIncomeAsReported": 66288000000.0,
                            "totalRevenue": 274515000000.0
                        }
                    },
                    {
                        "2021-09-30": {
                            "basicAverageShares": 16701272000.0,
                            "basicEPS": 5.67,
                            "costOfRevenue": 212981000000.0,
                            "dilutedAverageShares": 16864919000.0,
                            "dilutedEPS": 5.61,
                            "dilutedNIAvailtoComStockholders": 94680000000.0,
                            "ebit": 108949000000.0,
                            "grossProfit": 152836000000.0,
                            "interestExpense": 2645000000.0,
                            "interestExpenseNonOperating": 2645000000.0,
                            "interestIncome": 2843000000.0,
                            "interestIncomeNonOperating": 2843000000.0,
                            "netIncome": 94680000000.0,
                            "netIncomeCommonStockholders": 94680000000.0,
                            "netIncomeContinuousOperations": 94680000000.0,
                            "netIncomeFromContinuingAndDiscontinuedOperation": 94680000000.0,
                            "netIncomeFromContinuingOperationNetMinorityInterest": 94680000000.0,
                            "netIncomeIncludingNoncontrollingInterests": 94680000000.0,
                            "netInterestIncome": 198000000.0,
                            "netNonOperatingInterestIncomeExpense": 198000000.0,
                            "normalizedEBITDA": 120233000000.0,
                            "normalizedIncome": 94680000000.0,
                            "operatingExpense": 43887000000.0,
                            "operatingIncome": 108949000000.0,
                            "operatingRevenue": 365817000000.0,
                            "otherIncomeExpense": 258000000.0,
                            "otherNonOperatingIncomeExpenses": 258000000.0,
                            "pretaxIncome": 109207000000.0,
                            "reconciledCostOfRevenue": 212981000000.0,
                            "reconciledDepreciation": 11284000000.0,
                            "researchAndDevelopment": 21914000000.0,
                            "sellingGeneralAndAdministration": 21973000000.0,
                            "taxEffectOfUnusualItems": 0.0,
                            "taxProvision": 14527000000.0,
                            "taxRateForCalcs": 0.133023,
                            "totalExpenses": 256868000000.0,
                            "totalOperatingIncomeAsReported": 108949000000.0,
                            "totalRevenue": 365817000000.0
                        }
                    },
                    {
                        "2022-09-30": {
                            "basicAverageShares": 16215963000.0,
                            "basicEPS": 6.15,
                            "costOfRevenue": 223546000000.0,
                            "dilutedAverageShares": 16325819000.0,
                            "dilutedEPS": 6.11,
                            "dilutedNIAvailtoComStockholders": 99803000000.0,
                            "ebit": 119437000000.0,
                            "grossProfit": 170782000000.0,
                            "interestExpense": 2931000000.0,
                            "interestExpenseNonOperating": 2931000000.0,
                            "interestIncome": 2825000000.0,
                            "interestIncomeNonOperating": 2825000000.0,
                            "netIncome": 99803000000.0,
                            "netIncomeCommonStockholders": 99803000000.0,
                            "netIncomeContinuousOperations": 99803000000.0,
                            "netIncomeFromContinuingAndDiscontinuedOperation": 99803000000.0,
                            "netIncomeFromContinuingOperationNetMinorityInterest": 99803000000.0,
                            "netIncomeIncludingNoncontrollingInterests": 99803000000.0,
                            "netInterestIncome": -106000000.0,
                            "netNonOperatingInterestIncomeExpense": -106000000.0,
                            "normalizedEBITDA": 130541000000.0,
                            "normalizedIncome": 99803000000.0,
                            "operatingExpense": 51345000000.0,
                            "operatingIncome": 119437000000.0,
                            "operatingRevenue": 394328000000.0,
                            "otherIncomeExpense": -334000000.0,
                            "otherNonOperatingIncomeExpenses": -334000000.0,
                            "pretaxIncome": 119103000000.0,
                            "reconciledCostOfRevenue": 223546000000.0,
                            "reconciledDepreciation": 11104000000.0,
                            "researchAndDevelopment": 26251000000.0,
                            "sellingGeneralAndAdministration": 25094000000.0,
                            "taxEffectOfUnusualItems": 0.0,
                            "taxProvision": 19300000000.0,
                            "taxRateForCalcs": 0.162045,
                            "totalExpenses": 274891000000.0,
                            "totalOperatingIncomeAsReported": 119437000000.0,
                            "totalRevenue": 394328000000.0
                        }
                    },
                    {
                        "2022-12-31": {
                            "costOfRevenue": 220666000000.0,
                            "dilutedNIAvailtoComStockholders": 95171000000.0,
                            "eBITDA": 128048000000.0,
                            "ebit": 116725000000.0,
                            "grossProfit": 166871000000.0,
                            "interestExpense": 3240000000.0,
                            "interestExpenseNonOperating": 3240000000.0,
                            "interestIncome": 3043000000.0,
                            "interestIncomeNonOperating": 3043000000.0,
                            "netIncome": 95171000000.0,
                            "netIncomeCommonStockholders": 95171000000.0,
                            "netIncomeContinuousOperations": 95171000000.0,
                            "netIncomeFromContinuingAndDiscontinuedOperation": 95171000000.0,
                            "netIncomeFromContinuingOperationNetMinorityInterest": 95171000000.0,
                            "netIncomeIncludingNoncontrollingInterests": 95171000000.0,
                            "netInterestIncome": -197000000.0,
                            "netNonOperatingInterestIncomeExpense": -197000000.0,
                            "normalizedEBITDA": 128048000000.0,
                            "normalizedIncome": 95171000000.0,
                            "operatingExpense": 52906000000.0,
                            "operatingIncome": 113965000000.0,
                            "operatingRevenue": 387537000000.0,
                            "otherIncomeExpense": -283000000.0,
                            "otherNonOperatingIncomeExpenses": -283000000.0,
                            "pretaxIncome": 113485000000.0,
                            "reconciledCostOfRevenue": 220666000000.0,
                            "reconciledDepreciation": 11323000000.0,
                            "researchAndDevelopment": 27654000000.0,
                            "sellingGeneralAndAdministration": 25252000000.0,
                            "taxEffectOfUnusualItems": 0.0,
                            "taxProvision": 18314000000.0,
                            "taxRateForCalcs": 0.161378,
                            "totalExpenses": 273572000000.0,
                            "totalOperatingIncomeAsReported": 113965000000.0,
                            "totalRevenue": 387537000000.0
                        }
                    },
                    {
                        "2023-03-31": {
                            "costOfRevenue": 218807000000.0,
                            "dilutedNIAvailtoComStockholders": 94321000000.0,
                            "eBITDA": 126691000000.0,
                            "ebit": 115207000000.0,
                            "grossProfit": 166288000000.0,
                            "interestExpense": 3479000000.0,
                            "interestExpenseNonOperating": 3479000000.0,
                            "interestIncome": 3261000000.0,
                            "interestIncomeNonOperating": 3261000000.0,
                            "netIncome": 94321000000.0,
                            "netIncomeCommonStockholders": 94321000000.0,
                            "netIncomeContinuousOperations": 94321000000.0,
                            "netIncomeFromContinuingAndDiscontinuedOperation": 94321000000.0,
                            "netIncomeFromContinuingOperationNetMinorityInterest": 94321000000.0,
                            "netIncomeIncludingNoncontrollingInterests": 94321000000.0,
                            "netInterestIncome": -218000000.0,
                            "netNonOperatingInterestIncomeExpense": -218000000.0,
                            "normalizedEBITDA": 126691000000.0,
                            "normalizedIncome": 94321000000.0,
                            "operatingExpense": 53984000000.0,
                            "operatingIncome": 112304000000.0,
                            "operatingRevenue": 385095000000.0,
                            "otherIncomeExpense": -358000000.0,
                            "otherNonOperatingIncomeExpenses": -358000000.0,
                            "pretaxIncome": 111728000000.0,
                            "reconciledCostOfRevenue": 218807000000.0,
                            "reconciledDepreciation": 11484000000.0,
                            "researchAndDevelopment": 28724000000.0,
                            "sellingGeneralAndAdministration": 25260000000.0,
                            "taxEffectOfUnusualItems": 0.0,
                            "taxProvision": 17407000000.0,
                            "taxRateForCalcs": 0.155798,
                            "totalExpenses": 272791000000.0,
                            "totalOperatingIncomeAsReported": 112304000000.0,
                            "totalRevenue": 385095000000.0
                        }
                    }
                ]
            }
        }
    },
    "{'frequency': 'quarterly', 'region': 'US', 'statement_type': 'income', 'symbol': 'TSLA'}": {
        "error": "",
        "response": "{'incomeStatementHistoryQuarterly': {'TSLA': [{'2024-03-31': {'basicAverageShares': 3179000000.0, 'basicEPS': 4.3, 'costOfRevenue': 17605000000.0, 'dilutedAverageShares': 3489000000.0, 'dilutedEPS': 0.34, 'dilutedNIAvailtoComStockholders': 1432000000.0, 'eBITDA': 3210000000.0, 'ebit': 1964000000.0, 'grossProfit': 3696000000.0, 'interestExpense': 76000000.0, 'interestExpenseNonOperating': 76000000.0, 'interestIncome': 350000000.0, 'interestIncomeNonOperating': 350000000.0, 'minorityInterests': -15000000.0, 'netIncome': 1390000000.0, 'netIncomeCommonStockholders': 1432000000.0, 'netIncomeContinuousOperations': 1405000000.0, 'netIncomeFromContinuingAndDiscontinuedOperation': 1390000000.0, 'netIncomeFromContinuingOperationNetMinorityInterest': 1390000000.0, 'netIncomeIncludingNoncontrollingInterests': 1405000000.0, 'netInterestIncome': 274000000.0, 'netNonOperatingInterestIncomeExpense': 274000000.0, 'normalizedEBITDA': 3210000000.0, 'normalizedIncome': 1390000000.0, 'operatingExpense': 2525000000.0, 'operatingIncome': 1171000000.0, 'operatingRevenue': 21301000000.0, 'otherIncomeExpense': 443000000.0, 'otherNonOperatingIncomeExpenses': 443000000.0, 'otherunderPreferredStockDividend': -42000000.0, 'pretaxIncome': 1888000000.0, 'reconciledCostOfRevenue': 17605000000.0, 'reconciledDepreciation': 1246000000.0, 'rentExpenseSupplemental': 269000000.0, 'researchAndDevelopment': 1151000000.0, 'restructuringAndMergernAcquisition': 0.0, 'sellingGeneralAndAdministration': 1374000000.0, 'specialIncomeCharges': 0.0, 'taxEffectOfUnusualItems': 0.0, 'taxProvision': 483000000.0, 'taxRateForCalcs': 0.26, 'totalExpenses': 20130000000.0, 'totalOperatingIncomeAsReported': 1171000000.0, 'totalRevenue': 21301000000.0, 'totalUnusualItems': 0.0, 'totalUnusualItemsExcludingGoodwill': 0.0}}, {'2024-06-30': {'basicAverageShares': 3184500000.0, 'basicEPS': 3.91, 'costOfRevenue': 20922000000.0, 'dilutedAverageShares': 3490000000.0, 'dilutedEPS': 0.42, 'dilutedNIAvailtoComStockholders': 1478000000.0, 'eBITDA': 3251000000.0, 'ebit': 1973000000.0, "
    },
    "{'frequency': 'annual', 'symbol': 'MSFT', 'statement_type': 'cash'}": {
        "error": "",
        "response": "{'cashflowStatementHistory': {'MSFT': [{'2025-03-31': {'assetImpairmentCharge': 920000000.0, 'beginningCashPosition': 19634000000.0, 'capitalExpenditure': -61345000000.0, 'cashDividendsPaid': -23487000000.0, 'cashFlowFromContinuingFinancingActivities': -64418000000.0, 'cashFlowFromContinuingInvestingActivities': -56875000000.0, 'cashFlowFromContinuingOperatingActivities': 130710000000.0, 'changeInAccountPayable': 5425000000.0, 'changeInCashSupplementalAsReported': 9194000000.0, 'changeInIncomeTaxPayable': -1887000000.0, 'changeInInventory': 445000000.0, 'changeInOtherCurrentAssets': -6494000000.0, 'changeInOtherCurrentLiabilities': 5956000000.0, 'changeInOtherWorkingCapital': 2734000000.0, 'changeInPayable': 3538000000.0, 'changeInPayablesAndAccruedExpense': 3538000000.0, 'changeInReceivables': -7648000000.0, 'changeInTaxPayable': -1887000000.0, 'changeInWorkingCapital': -1469000000.0, 'changesInAccountReceivables': -7648000000.0, 'changesInCash': 9417000000.0, 'commonStockDividendPaid': -23487000000.0, 'commonStockIssuance': 2042000000.0, 'commonStockPayments': -18084000000.0, 'deferredIncomeTax': -5980000000.0, 'deferredTax': -5980000000.0, 'depreciation': 29330000000.0, 'depreciationAmortizationDepletion': 29330000000.0, 'depreciationAndAmortization': 29330000000.0, 'effectOfExchangeRateChanges': -223000000.0, 'endCashPosition': 29051000000.0, 'financingCashFlow': -64418000000.0, 'freeCashFlow': 69365000000.0, 'gainLossOnInvestmentSecurities': 239000000.0, 'investingCashFl"
    },
    "{'frequency': 'quarterly', 'symbol': 'TSLA', 'statement_type': 'income', 'region': 'US'}": {
        "error": "",
        "response": "{'incomeStatementHistoryQuarterly': {'TSLA': [{'2024-03-31': {'basicAverageShares': 3179000000.0, 'basicEPS': 4.3, 'costOfRevenue': 17605000000.0, 'dilutedAverageShares': 3489000000.0, 'dilutedEPS': 0.34, 'dilutedNIAvailtoComStockholders': 1432000000.0, 'eBITDA': 3210000000.0, 'ebit': 1964000000.0, 'grossProfit': 3696000000.0, 'interestExpense': 76000000.0, 'interestExpenseNonOperating': 76000000.0, 'interestIncome': 350000000.0, 'interestIncomeNonOperating': 350000000.0, 'minorityInterests': -15000000.0, 'netIncome': 1390000000.0, 'netIncomeCommonStockholders': 1432000000.0, 'netIncomeContinuousOperations': 1405000000.0, 'netIncomeFromContinuingAndDiscontinuedOperation': 1390000000.0, 'netIncomeFromContinuingOperationNetMinorityInterest': 1390000000.0, 'netIncomeIncludingNoncontrollingInterests': 1405000000.0, 'netInterestIncome': 274000000.0, 'netNonOperatingInterestIncomeExpense': 274000000.0, 'normalizedEBITDA': 3210000000.0, 'normalizedIncome': 1390000000.0, 'operatingExpense': 2525000000.0, 'operatingIncome': 1171000000.0, 'operatingRevenue': 21301000000.0, 'otherIncomeExpense': 443000000.0, 'otherNonOperatingIncomeExpenses': 443000000.0, 'otherunderPreferredStockDividend': -42000000.0, 'pretaxIncome': 1888000000.0, 'reconciledCostOfRevenue': 17605000000.0, 'reconciledDepreciation': 1246000000.0, 'rentExpenseSupplemental': 269000000.0, 'researchAndDevelopment': 1151000000.0, 'restructuringAndMergernAcquisition': 0.0, 'sellingGeneralAndAdministration': 1374000000.0, 'spe"
    },
    "{'frequency': 'quarterly', 'symbol': 'MSFT', 'statement_type': 'income'}": {
        "error": "",
        "response": "{'messages': 'The request to the API has timed out. Please try again later, or if the issue persists, please contact the API provider', 'info': 'Your Client (working) ---> Gateway (working) ---> API (took too long to respond)'}"
    },
    "{'frequency': 'quarterly', 'symbol': 'TSLA', 'statement_type': 'cash'}": {
        "error": "",
        "response": "{'cashflowStatementHistoryQuarterly': {'TSLA': [{'2025-03-31': {'assetImpairmentCharge': 379000000.0, 'beginningCashPosition': 12464000000.0, 'capitalExpenditure': -10057000000.0, 'cashFlowFromContinuingFinancingActivities': 3325000000.0, 'cashFlowFromContinuingInvestingActivities': -15354000000.0, 'cashFlowFromContinuingOperatingActivities': 2156000000.0, 'changeInCashSupplementalAsReported': 4786000000.0, 'changeInInventory': -1704000000.0, 'changeInOtherCurrentAssets': -76000000.0, 'changeInOtherWorkingCapital': 616000000.0, 'changeInPayablesAndAccruedExpense': 3047000000.0, 'changeInPrepaidAssets': -419000000.0, 'changeInReceivables': -31000000.0, 'changeInWorkingCapital': -554000000.0, 'changesInAccountReceivables': 630000000.0, 'changesInCash': 173000000.0, 'deferredIncomeTax': -43000000.0, 'deferredTax': 371000000.0, 'depreciation': 1447000000.0, 'depreciationAmortizationDepletion': 1447000000.0, 'depreciationAndAmortization': 1447000000.0, 'effectOfExchangeRateChanges': -22000000.0, 'endCashPosition': 17250000000.0, 'financingCashFlow': -332000000.0, 'freeCashFlow': 6780000000.0, 'gainLossOnSaleOfPPE': -129000000.0, 'investingCashFlow': -1651000000.0, 'issuanceOfDebt': 5593000000.0, 'longTermDebtIssuance': 625000000.0, 'longTermDebtPayments': -1349000000.0, 'netForeignCurrencyExchangeGainLoss': 20000000.0, 'netIncome': 409000000.0, 'netIncomeFromContinuingOperations': 420000000.0, 'netInvestmentPurchaseAndSale': -159000000.0, 'netIssuancePaymentsOfDebt': 2060000000.0,"
    },
    "{'frequency': 'quarterly', 'symbol': 'ADSK', 'statement_type': 'cash', 'region': 'US'}": {
        "error": "",
        "response": "{'cashflowStatementHistoryQuarterly': {'ADSK': [{'2023-10-31': {'assetImpairmentCharge': 0.0, 'beginningCashPosition': 1714000000.0, 'capitalExpenditure': -20000000.0, 'capitalExpenditureReported': -5000000.0, 'cashFlowFromContinuingFinancingActivities': -88000000.0, 'cashFlowFromContinuingInvestingActivities': -106000000.0, 'cashFlowFromContinuingOperatingActivities': 18000000.0, 'changeInAccountPayable': 41000000.0, 'changeInCashSupplementalAsReported': -188000000.0, 'changeInIncomeTaxPayable': -38000000.0, 'changeInOtherWorkingCapital': -201000000.0, 'changeInPayable': 3000000.0, 'changeInPayablesAndAccruedExpense': 3000000.0, 'changeInPrepaidAssets': -65000000.0, 'changeInReceivables': -179000000.0, 'changeInTaxPayable': -38000000.0, 'changeInWorkingCapital': -442000000.0, 'changesInAccountReceivables': -179000000.0, 'changesInCash': -176000000.0, 'commonStockIssuance': 59000000.0, 'commonStockPayments': -114000000.0, 'deferredIncomeTax': -51000000.0, 'deferredTax': -51000000.0, 'depreciation': 36000000.0, 'depreciationAmortizationDepletion': 36000000.0, 'depreciationAndAmortization': 36000000.0, 'effectOfExchangeRateChanges': -12000000.0, 'endCashPosition': 1526000000.0, 'financingCashFlow': -88000000.0, 'freeCashFlow': -2000000.0, 'investingCashFlow': -106000000.0, 'issuanceOfCapitalStock': 59000000.0, 'netBusinessPurchaseAndSale': -18000000.0, 'netCommonStockIssuance': -55000000.0, 'netIncome': 241000000.0, 'netIncomeFromContinuingOperations': 241000000.0, 'netIntangib"
    }
}